@misc{marinha2024,
  author       = {Marinha do Brasil, Centro de Hidrografia da Marinha},
  title        = {Tempestade Tropical Akará: Relatório Pós-Evento},
  year         = {2024},
  month        = {feb},
  organization = {Serviço Meteorológico Marinho},
  note         = {Available at: https://www.marinha.mil.br/chm/sites/www.marinha.mil.br.chm/files/u1894/relatorio\_pos\_evento\_akara.pdf},
}

@article{hamouda2019ekman,
  title={Ekman pumping mechanism driving precipitation anomalies in response to equatorial heating},
  author={Hamouda, Mostafa E and Kucharski, Fred},
  journal={Climate Dynamics},
  volume={52},
  pages={697--711},
  year={2019},
  publisher={Springer}
}

%%%%%%%%%%%% Cyclone momentum transfer  %%%%%%%%%%%%

@article{shimura2024footprint,
  title={Footprint of the air-sea momentum transfer saturation observed by ocean wave buoy network in extreme tropical cyclones},
  author={Shimura, Tomoya and Mori, Nobuhito and Miyashita, Takuya},
  journal={Coastal Engineering},
  volume={191},
  pages={104537},
  year={2024},
  publisher={Elsevier}
}

@article{zhao2022effects,
  title={The effects of ocean surface waves on tropical cyclone intensity: Numerical simulations using a regional atmosphere-ocean-wave coupled model},
  author={Zhao, Biao and Wang, Guansuo and Zhang, Jun A and Liu, Li and Liu, Jiping and Xu, Jing and Yu, Hao and Zhao, Chang and Yu, Xinzhu and Sun, Chao and others},
  journal={Journal of Geophysical Research: Oceans},
  volume={127},
  number={11},
  pages={e2022JC019015},
  year={2022},
  publisher={Wiley Online Library}
}



%%%%%%%%%%%% Stratosphere-Troposphere  %%%%%%%%%%%%

@article{ohno2015warm,
  title={On the warm core of a tropical cyclone formed near the tropopause},
  author={Ohno, Tomoki and Satoh, Masaki},
  journal={Journal of the Atmospheric Sciences},
  volume={72},
  number={2},
  pages={551--571},
  year={2015}
}

@article{hoskins1985use,
  title={On the use and significance of isentropic potential vorticity maps},
  author={Hoskins, Brian J and McIntyre, Michael E and Robertson, Andrew W},
  journal={Quarterly Journal of the Royal Meteorological Society},
  volume={111},
  number={470},
  pages={877--946},
  year={1985},
  publisher={Wiley Online Library}
}

@article{baray1999tropical,
  title={Tropical cyclone Marlene and stratosphere-troposphere exchange},
  author={Baray, Jean-Luc and Ancellet, G{\'e}rard and Randriambelo, Tantely and Baldy, Serge},
  journal={Journal of Geophysical Research: Atmospheres},
  volume={104},
  number={D11},
  pages={13953--13970},
  year={1999},
  publisher={Wiley Online Library}
}

@article{barnes2022stratospheric,
  title={Stratospheric intrusion depth and its effect on surface cyclogenetic forcing: an idealized potential vorticity (PV) inversion experiment},
  author={Barnes, Michael A and Ndarana, Thando and Sprenger, Michael and Landman, Willem A},
  journal={Weather and Climate Dynamics},
  volume={3},
  number={4},
  pages={1291--1309},
  year={2022},
  publisher={Copernicus Publications G{\"o}ttingen, Germany}
}

@article{ferrara2017large,
  title={Large-scale control of the lower stratosphere on variability of tropical cyclone intensity},
  author={Ferrara, Madison and Groff, Faith and Moon, Zach and Keshavamurthy, Kushal and Robeson, Scott M and Kieu, Chanh},
  journal={Geophysical Research Letters},
  volume={44},
  number={9},
  pages={4313--4323},
  year={2017},
  publisher={Wiley Online Library}
}

@article{kong2024contributions,
  title={Contributions of stratospheric thermal anomalies to the intensification of intense summer Arctic cyclones},
  author={Kong, Yang and Lu, Chuhan and Tao, Wei},
  journal={Climate Dynamics},
  pages={1--14},
  year={2024},
  publisher={Springer}
}

@article{moon2017impacts,
  title={Impacts of the lower stratosphere on the development of intense tropical cyclones},
  author={Moon, Zachary and Kieu, Chanh},
  journal={Atmosphere},
  volume={8},
  number={7},
  pages={128},
  year={2017},
  publisher={MDPI}
}

@article{roy2023estimation,
  title={Estimation of stratospheric intrusions during Indian cyclones},
  author={Roy, Chaitri and Ravishankara, AR and Newman, Paul A and David, Liji M and Fadnavis, Suvarna and Rathod, Sagar D and Lait, Leslie and Krishnan, R and Clark, Hannah and Sauvage, Bastien},
  journal={Journal of Geophysical Research: Atmospheres},
  volume={128},
  number={3},
  pages={e2022JD037519},
  year={2023},
  publisher={Wiley Online Library}
}

@article{zhan2012contribution,
  title={Contribution of tropical cyclones to stratosphere-troposphere exchange over the northwest Pacific: Estimation based on AIRS satellite retrievals and ERA-Interim data},
  author={Zhan, Ruifen and Wang, Yuqing},
  journal={Journal of Geophysical Research: Atmospheres},
  volume={117},
  number={D12},
  year={2012},
  publisher={Wiley Online Library}
}

%%%%%%%%%%%% barotropic instability and Tropical Cyclones %%%%%%%%%%%%

@article{cao2012modulation,
  title={Modulation of western North Pacific tropical cyclone genesis by intraseasonal oscillation of the ITCZ: A statistical analysis},
  author={Cao, Xi and Huang, Ping and Chen, Guanghua and Chen, Wen},
  journal={Advances in Atmospheric Sciences},
  volume={29},
  pages={744--754},
  year={2012},
  publisher={Springer}
}

@article{bembenek2021influence,
  title={Influence of latitude and moisture effects on the barotropic instability of an idealized ITCZ},
  author={Bembenek, Eric and Merlis, Timothy M and Straub, David N},
  journal={Journal of the Atmospheric Sciences},
  volume={78},
  number={9},
  pages={2677--2689},
  year={2021}
}

@article{ferreira1997barotropic,
  title={Barotropic aspects of ITCZ breakdown},
  author={Ferreira, Rosana Nieto and Schubert, Wayne H},
  journal={Journal of the Atmospheric Sciences},
  volume={54},
  number={2},
  pages={261--285},
  year={1997},
  publisher={American Meteorological Society}
}

@article{yokota2012tropical,
  title={Tropical cyclogenesis due to breakdown of intertropical convergence zone: An idealized numerical experiment},
  author={Yokota, Sho and Niino, Hiroshi and Yanase, Wataru},
  journal={Sola},
  volume={8},
  pages={103--106},
  year={2012},
  publisher={Meteorological Society of Japan}
}

@article{yokota2015tropical,
  title={Tropical cyclogenesis due to ITCZ breakdown: Idealized numerical experiments and a case study of the event in July 1988},
  author={Yokota, Sho and Niino, Hiroshi and Yanase, Wataru},
  journal={Journal of the Atmospheric Sciences},
  volume={72},
  number={9},
  pages={3663--3684},
  year={2015}
}


@article{molinari1997potential,
  title={Potential vorticity, easterly waves, and eastern Pacific tropical cyclogenesis},
  author={Molinari, John and Knight, David and Dickinson, Michael and Vollaro, David and Skubis, Steven},
  journal={Monthly weather review},
  volume={125},
  number={10},
  pages={2699--2708},
  year={1997},
  publisher={American Meteorological Society}
}

@article{wu2012african,
  title={African easterly jet: Barotropic instability, waves, and cyclogenesis},
  author={Wu, Man-Li C and Reale, Oreste and Schubert, Siegfried D and Suarez, Max J and Thorncroft, Chris D},
  journal={Journal of Climate},
  volume={25},
  number={5},
  pages={1489--1510},
  year={2012}
}

@article{reed1977structure,
  title={The structure and properties of African wave disturbances as observed during phase III of GATE},
  author={Reed, Richard J and Norquist, Donald C and Recker, Ernest E},
  journal={Monthly Weather Review},
  volume={105},
  number={3},
  pages={317--333},
  year={1977},
  publisher={American Meteorological Society}
}

@article{burpee1972origin,
  title={The origin and structure of easterly waves in the lower troposphere of North Africa},
  author={Burpee, Robert W},
  journal={Journal of the Atmospheric Sciences},
  volume={29},
  number={1},
  pages={77--90},
  year={1972},
  publisher={American Meteorological Society}
}

@article{rennick1976generation,
  title={The generation of African waves},
  author={Rennick, Mary Alice},
  journal={Journal of Atmospheric Sciences},
  volume={33},
  number={10},
  pages={1955--1969},
  year={1976}
}


%%%%%%%%%%%% Tropical Cyclones %%%%%%%%%%%%


@article{yano1991improved,
  title={An improved model of the equatorial troposphere and its coupling with the stratosphere},
  author={YANO, JUNIC and Emanuel, KA},
  journal={Journal of the Atmospheric Sciences},
  volume={48},
  number={3},
  pages={377--389},
  year={1991}
}

@article{charney1964growth,
  title={On the growth of the hurricane depression},
  author={Charney, Jule G and Eliassen, Arnt},
  journal={Journal of the Atmospheric Sciences},
  volume={21},
  number={1},
  pages={68--75},
  year={1964},
  publisher={American Meteorological Society}
}

@article{davis2004tt,
  title={The TT problem: Forecasting the tropical transition of cyclones},
  author={Davis, Christopher A and Bosart, Lance F},
  journal={Bulletin of the American Meteorological Society},
  volume={85},
  number={11},
  pages={1657--1662},
  year={2004},
  publisher={JSTOR}
}

@article{camargo2007tropical,
  title={Tropical cyclone genesis potential index in climate models},
  author={Camargo, Suzana and Sobel, Adam H and Barnston, Anthony G and Emanuel, Kerry A},
  journal={Tellus A: Dynamic Meteorology and Oceanography},
  volume={59},
  number={4},
  pages={428--443},
  year={2007},
  publisher={Taylor \& Francis}
}

@article{andrelina2021climatologia,
  title={Climatologia do {\'I}ndice do Potencial de G{\^e}nese de Ciclones Tropicais nos Oceanos Adjacentes {\`a} Am{\'e}rica do Sul.},
  author={Andrelina Silva, Bruna and Sim{\~o}es Reboita, Michelle},
  journal={Anu{\'a}rio do Instituto de Geoci{\^e}ncias},
  volume={44},
  year={2021}
}

@article{emanuel1986air,
  title={An air-sea interaction theory for tropical cyclones. Part I: Steady-state maintenance},
  author={Emanuel, Kerry A},
  journal={Journal of Atmospheric Sciences},
  volume={43},
  number={6},
  pages={585--605},
  year={1986}
}

@article{pezza2005first,
  title={The first South Atlantic hurricane: Unprecedented blocking, low shear and climate change},
  author={Pezza, Alexandre Bernardes and Simmonds, Ian},
  journal={Geophysical Research Letters},
  volume={32},
  number={15},
  year={2005},
  publisher={Wiley Online Library}
}

@article{gray1968global,
  title={Global view of the origin of tropical disturbances and storms},
  author={Gray, William M},
  journal={Monthly Weather Review},
  volume={96},
  number={10},
  pages={669--700},
  year={1968},
  publisher={American Meteorological Society}
}

@article{davis2003baroclinically,
  title={Baroclinically induced tropical cyclogenesis},
  author={Davis, Christopher A and Bosart, Lance F},
  journal={Monthly Weather Review},
  volume={131},
  number={11},
  pages={2730--2747},
  year={2003},
  publisher={American Meteorological Society}
}

@article{rios2024review,
  title={A review of the interactions between tropical cyclones and environmental vertical wind shear},
  author={Rios-Berrios, Rosimar and Finocchio, Peter M and Alland, Joshua J and Chen, Xiaomin and Fischer, Michael S and Stevenson, Stephanie N and Tao, Dandan},
  journal={Journal of the Atmospheric Sciences},
  volume={81},
  number={4},
  pages={713--741},
  year={2024},
  publisher={American Meteorological Society}
}

%%%%%%%%%%%%  Local APE %%%%%%%%%%%%

@article{novak2018local,
  title={On the local view of atmospheric available potential energy},
  author={Novak, Lenka and Tailleux, R{\'e}mi},
  journal={Journal of the Atmospheric Sciences},
  volume={75},
  number={6},
  pages={1891--1907},
  year={2018}
}

@article{liu2024systematic,
  title={A Systematic Local View of the Long-Term Changes in the Atmospheric Energy Cycle},
  author={Liu, Zhen and Franzke, Christian LE and Novak, Lenka and Tailleux, Remi and Lembo, Valerio},
  journal={Journal of Climate},
  volume={37},
  number={23},
  pages={6413--6434},
  year={2024},
  publisher={American Meteorological Society}
}

@article{federer2025synoptic,
  title={Synoptic perspective on the conversion and maintenance of local available potential energy in extratropical cyclones},
  author={Federer, Marc and Papritz, Lukas and Sprenger, Michael and Grams, Christian M},
  journal={Weather and Climate Dynamics},
  volume={6},
  number={1},
  pages={211--230},
  year={2025},
  publisher={Copernicus Publications G{\"o}ttingen, Germany}
}

@article{harris2022moist,
  title={A moist available potential energy budget for an axisymmetric tropical cyclone},
  author={Harris, Bethan L and Tailleux, R{\'e}mi and Holloway, Christopher E and Vidale, Pier Luigi},
  journal={Journal of the Atmospheric Sciences},
  volume={79},
  number={10},
  pages={2493--2513},
  year={2022}
}

@article{federer2024local,
  title={On the local available potential energy perspective of baroclinic wave development},
  author={Federer, Marc and Papritz, Lukas and Sprenger, Michael and Grams, Christian M and Wenta, Marta},
  journal={Journal of the Atmospheric Sciences},
  volume={81},
  number={5},
  pages={871--886},
  year={2024},
  publisher={American Meteorological Society}
}

@article{TAILLEUX2025102579,
title = {Energetically consistent localised APE budgets for local and regional studies of stratified flow energetics},
journal = {Ocean Modelling},
volume = {197},
pages = {102579},
year = {2025},
issn = {1463-5003},
doi = {https://doi.org/10.1016/j.ocemod.2025.102579},
url = {https://www.sciencedirect.com/science/article/pii/S1463500325000824},
author = {Rémi Tailleux and Guillaume Roullet},
keywords = {Available potential energy, Energy cascades, Energetically consistent ocean models, Turbulent mixing parameterisations},
}

%%%%%%%%%%%% LEC %%%%%%%%%%%%

@article{de2025lorenz,
  title={Lorenz Energy Cycle Climatology for the Southwestern Atlantic Cyclones},
  author={de Souza, Danilo Couto and da Silva Dias, Pedro Leite and Gramcianinov, Carolina Barnez and Camargo, Ricardo},
  year={2025},
  journal={EarthArXiv},
  publisher={EarthArXiv}
}

@article{margules1903energie,
  title={Über die Energie der Stürme},
  author={Margules, Max},
  journal={Jahrbuch der Zentralanstalt für Meteorologie, Wien},
  year={1903},
  volume={48},
  pages={Anhang},
  publisher={K. K. Zentralanstalt für Meteorologie},
  link={https://zamg.ac.at/zamgWeb/dndata/Margules_UEber_die_Energie_der_Stuerme_JahrbuchZAMG_1903_Anhang.pdf}
}

@article{lorenz1955available,
  title={Available potential energy and the maintenance of the general circulation},
  author={Lorenz, Edward N},
  journal={Tellus},
  volume={7},
  number={2},
  pages={157--167},
  year={1955},
  publisher={Taylor \& Francis}
}

@article{lorenz1967nature,
  title={The nature and theory of the general circulation of the atmosphere},
  author={Lorenz, Edward},
  journal={World meteorological organization},
  volume={161},
  year={1967}
}

@article{vincent1973some,
  title={Some further considerations concerning energy budgets of moving systems},
  author={Vincent, DG and Chang, LN},
  journal={Tellus},
  volume={25},
  number={3},
  pages={224--232},
  year={1973},
  publisher={Taylor \& Francis}
}

@article{dutton1967theory,
  title={The theory of available potential energy and a variational approach to atmospheric energetics},
  author={Dutton, John A and Johnson, Donald R},
  journal={Advances in geophysics},
  volume={12},
  pages={333--436},
  year={1967},
  publisher={Elsevier}
}

@article{muench1965dynamics,
  title={On the dynamics of the wintertime stratosphere circulation},
  author={Muench, H Stuart},
  journal={Journal of Atmospheric Sciences},
  volume={22},
  number={4},
  pages={349--360},
  year={1965}
}

%%%%%%%%%%%% LEC - Climate %%%%%%%%%%%%

@incollection{oort2018estimates,
  title={On estimates of the atmospheric energy cycle},
  author={Oort, Abraham H},
  booktitle={Renewable Energy},
  pages={Vol1\_214--Vol1\_235},
  year={2018},
  publisher={Routledge}
}

@article{wiin1968intensity,
  title={On the intensity of the general circulation of the atmosphere},
  author={Wiin-Nielsen, A},
  journal={Reviews of Geophysics},
  volume={6},
  number={4},
  pages={559--579},
  year={1968},
  publisher={Wiley Online Library}
}

@article{hu2004variations,
  title={Variations of the Northern Hemisphere atmospheric energetics: 1948--2000},
  author={Hu, Qi and Tawaye, Y and Feng, S},
  journal={Journal of Climate},
  volume={17},
  number={10},
  pages={1975--1986},
  year={2004},
  publisher={American Meteorological Society}
}

@article{li2007lorenz,
  title={Lorenz energy cycle of the global atmosphere based on reanalysis datasets},
  author={Li, Liming and Ingersoll, Andrew P and Jiang, Xun and Feldman, Daniel and Yung, Yuk L},
  journal={Geophysical Research Letters},
  volume={34},
  number={16},
  year={2007},
  publisher={Wiley Online Library}
}

@article{michaelides2021lorenz,
  title={Lorenz atmospheric energy cycle in climatic projections},
  author={Michaelides, Silas},
  journal={Climate},
  volume={9},
  number={12},
  pages={180},
  year={2021},
  publisher={MDPI}
}

@article{veiga2013global,
  title={A global and hemispherical analysis of the Lorenz energetics based on the representative concentration pathways used in CMIP5},
  author={Veiga, Jos{\'e} Augusto P and Ambrizzi, Tercio},
  journal={Advances in Meteorology},
  volume={2013},
  number={1},
  pages={485047},
  year={2013},
  publisher={Wiley Online Library}
}

@article{read2020baroclinic,
  title={Baroclinic and barotropic instabilities in planetary atmospheres: energetics, equilibration and adjustment},
  author={Read, Peter and Kennedy, Daniel and Lewis, Neil and Scolan, H{\'e}l{\`e}ne and Tabataba-Vakili, Fachreddin and Wang, Yixiong and Wright, Susie and Young, Roland},
  journal={Nonlinear Processes in Geophysics},
  volume={27},
  number={2},
  pages={147--173},
  year={2020},
  publisher={Copernicus Publications G{\"o}ttingen, Germany}
}

@article{gutierrez2009multivariate,
  title={Multivariate analysis of the energy cycle of the South American rainy season},
  author={Gutierrez, Enver Ramirez and Dias, PL Silva and Veiga, JA and Camayo, R and Dos Santos, A},
  journal={International Journal of Climatology},
  volume={29},
  number={15},
  pages={2256--2269},
  year={2009},
  publisher={Wiley-Blackwell, 111 River Street Hoboken NJ 07030-5774 USA}
}

@article{pan2017earth,
  title={Earth’s changing global atmospheric energy cycle in response to climate change},
  author={Pan, Yefeng and Li, Liming and Jiang, Xun and Li, Gan and Zhang, Wentao and Wang, Xinyue and Ingersoll, Andrew P},
  journal={Nature communications},
  volume={8},
  number={1},
  pages={14367},
  year={2017},
  publisher={Nature Publishing Group UK London}
}

@article{hernandez2010energetics,
  title={Energetics responses to increases in greenhouse gas concentration},
  author={Hern{\'a}ndez-Deckers, Daniel and von Storch, Jin-Song},
  journal={Journal of Climate},
  volume={23},
  number={14},
  pages={3874--3887},
  year={2010},
  publisher={American Meteorological Society}
}

%%%%%%%%%%%%%% Heat and Vorticity Budgets - Cyclones %%%%%%%%%%%%

@article{silva2022ciclones,
  title={Ciclones subtropicais Guar{\'a} e Lexi Parte II: processos f{\'\i}sicos respons{\'a}veis pelas caracter{\'\i}sticas subtropicais},
  author={Silva, Bruna Andrelina and Reboita, Michelle Sim{\~o}es and Dutra, L{\'\i}via M{\'a}rcia Mosso and Crespo, Nat{\'a}lia Machado and da Rocha, Rosmeri Porf{\'\i}rio},
  journal={Revista Brasileira de Geografia F{\'\i}sica},
  volume={15},
  number={01},
  pages={359--372},
  year={2022}
}


@article{vanniere2020moisture,
  title={The moisture budget of tropical cyclones in HighResMIP models: large-scale environmental balance and sensitivity to horizontal resolution},
  author={Vanni{\`e}re, Beno{\^\i}t and Roberts, Malcolm and Vidale, Pier Luigi and Hodges, Kevin and Demory, Marie-Estelle and Caron, Louis-Philippe and Scoccimarro, Enrico and Terray, Laurent and Senan, Retish},
  journal={Journal of Climate},
  volume={33},
  number={19},
  pages={8457--8474},
  year={2020}
}


@article{montgomery2010coarse,
  title={Coarse, intermediate and high resolution numerical simulations of the transition of a tropical wave critical layer to a tropical storm},
  author={Montgomery, Michael T and Wang, Zhuo and Dunkerton, Timothy J},
  journal={Atmospheric Chemistry and Physics},
  volume={10},
  number={22},
  pages={10803--10827},
  year={2010},
  publisher={Copernicus Publications G{\"o}ttingen, Germany}
}

@article{desrosiers2022vertical,
  title={Vertical vortex development in Hurricane Michael (2018) during rapid intensification},
  author={DesRosiers, Alexander J and Bell, Michael M and Cha, Ting-Yu},
  journal={Monthly Weather Review},
  volume={150},
  number={1},
  pages={99--114},
  year={2022}
}

@article{wu2022examining,
  title={Examining Terrain Effects on the Evolution of Precipitation and Vorticity of Typhoon Fanapi (2010) after Departing the Central Mountain Range of Taiwan},
  author={Wu, Yao-Chu and Yang, Ming-Jen and Rogers, Robert F},
  journal={Monthly Weather Review},
  volume={150},
  number={6},
  pages={1517--1540},
  year={2022}
}

@article{raymond2011vorticity,
  title={The vorticity budget of developing typhoon Nuri (2008)},
  author={Raymond, DJ and L{\'o}pez Carrillo, C},
  journal={Atmospheric Chemistry and Physics},
  volume={11},
  number={1},
  pages={147--163},
  year={2011},
  publisher={Copernicus Publications G{\"o}ttingen, Germany}
}

@article{fang2019thermodynamic,
  title={The thermodynamic cycles and associated energetics of Hurricane Edouard (2014) during its intensification},
  author={Fang, Juan and Pauluis, Olivier and Zhang, Fuqing},
  journal={Journal of the Atmospheric Sciences},
  volume={76},
  number={6},
  pages={1769--1784},
  year={2019}
}

%%%%%%%%%%%%%% LEC - Cyclones %%%%%%%%%%%%

@article{michaelides1999quasi,
  title={Quasi-Lagrangian energetics of an intense Mediterranean cyclone},
  author={Michaelides, Silas C and Prezerakos, Nicholas G and Flocas, Helena A},
  journal={Quarterly Journal of the Royal Meteorological Society},
  volume={125},
  number={553},
  pages={139--168},
  year={1999},
  publisher={Wiley Online Library}
}

@article{dias2013synoptic,
  title={Synoptic and dynamical analysis of subtropical cyclone Anita (2010) and its potential for tropical transition over the South Atlantic Ocean},
  author={Dias Pinto, Joao Rafael and Reboita, Michelle Sim{\~o}es and da Rocha, Rosmeri Porf{\'\i}rio},
  journal={Journal of Geophysical Research: Atmospheres},
  volume={118},
  number={19},
  pages={10--870},
  year={2013},
  publisher={Wiley Online Library},
  doi={10.1002/jgrd.50830}
}

@article{brennan1980zonal,
  title={Zonal and eddy components of the synoptic-scale energy budget during intensification of hurricane Carmen (1974)},
  author={Brennan, Frederick E and Vincent, Dayton G},
  journal={Monthly Weather Review},
  volume={108},
  number={7},
  pages={954--965},
  year={1980},
  publisher={American Meteorological Society},
  doi={10.1175/1520-0493(1980)108<0954:ZAECOT>2.0.CO;2}
}


@article{okajima2021cyclonic,
  title={Cyclonic and anticyclonic contributions to atmospheric energetics},
  author={Okajima, Satoru and Nakamura, Hisashi and Kaspi, Yohai},
  journal={Scientific reports},
  volume={11},
  number={1},
  pages={13202},
  year={2021},
  publisher={Nature Publishing Group UK London}
}

@article{veiga2008analysis,
  title={An analysis of the environmental energetics associated with the transition of the first South Atlantic hurricane},
  author={Veiga, Jos{\'e} Augusto Paixao and Pezza, Alexandre Bernardes and Simmonds, Ian and Silva Dias, Pedro L},
  journal={Geophysical Research Letters},
  volume={35},
  number={15},
  year={2008},
  publisher={Wiley Online Library}
}


@article{black2013universal,
  title={A universal, broad-environment energy conversion signature of explosive cyclones},
  author={Black, Mitchell Timothy and Pezza, Alexandre Bernardes},
  journal={Geophysical Research Letters},
  volume={40},
  number={2},
  pages={452--457},
  year={2013},
  publisher={Wiley Online Library}
}

@article{cavicchia2018energetics,
  title={Energetics and dynamics of subtropical australian east coast cyclones: Two contrasting cases},
  author={Cavicchia, Leone and Dowdy, Andrew and Walsh, Kevin},
  journal={Monthly Weather Review},
  volume={146},
  number={5},
  pages={1511--1525},
  year={2018},
  publisher={American Meteorological Society}
}

@article{pezza2014large,
  title={Large scale features and energetics of the hybrid subtropical low ‘Duck’over the Tasman Sea},
  author={Pezza, Alexandre Bernardes and Garde, Luke Andrew and Veiga, Jos{\'e} Augusto Paixao and Simmonds, Ian},
  journal={Climate dynamics},
  volume={42},
  pages={453--466},
  year={2014},
  publisher={Springer}
}

@article{bulic2006limited,
  title={Limited area energy budget during a life cycle of Genoa cyclone (18-21 November 1999)},
  author={Bulic, IH},
  journal={NUOVO CIMENTO-SOCIETA ITALIANA DI FISICA SEZIONE C},
  volume={29},
  number={2},
  pages={167},
  year={2006},
  publisher={EDITRICE COMPOSITORI}
}

@article{pezza2010environmental,
  title={Environmental energetics of an exceptional high-latitude storm},
  author={Pezza, Alexandre Bernardes and Veiga, Jos{\'e} Augusto Paixao and Simmonds, Ian and Keay, Kevin and Mesquita, Michel dos Santos},
  journal={Atmospheric Science Letters},
  volume={11},
  number={1},
  pages={39--45},
  year={2010},
  publisher={Wiley Online Library}
}

@article{michaelides1992spatial,
  title={A spatial and temporal energetics analysis of a baroclinic disturbance in the Mediterranen},
  author={Michaelides, Silas C},
  journal={Monthly weather review},
  volume={120},
  number={7},
  pages={1224--1243},
  year={1992},
  publisher={American Meteorological Society}
}

@article{wahab2002mechanism,
  title={On the mechanism of winter cyclogenesis in relation to vertical axis tilt},
  author={Wahab, M Abdel and Basset, H Abdel and Lasheen, AM},
  journal={Meteorology and Atmospheric Physics},
  volume={81},
  number={1},
  pages={103--127},
  year={2002},
  publisher={Springer}
}

@article{smith1980energetics,
  title={The energetics of extratropical cyclones},
  author={Smith, Phillip J},
  journal={Reviews of Geophysics},
  volume={18},
  number={2},
  pages={378--386},
  year={1980},
  publisher={Wiley Online Library}
}

@article{dias2011energy,
  title={The energy cycle and structural evolution of cyclones over southeastern South America in three case studies},
  author={Dias Pinto, Joao Rafael and Rocha, Rosmeri Porf{\'\i}Rio},
  journal={Journal of Geophysical Research: Atmospheres},
  volume={116},
  number={D14},
  year={2011},
  publisher={Wiley Online Library}
}


@article{michaelides1987limited,
  title={Limited area energetics of Genoa cyclogenesis},
  author={Michaelides, Silas Chr},
  journal={Monthly Weather Review},
  volume={115},
  number={1},
  pages={13--26},
  year={1987}
}


%%%%%%%%%%%% South America - Cyclones %%%%%%%%%%%%

@article{reboita2022shapiro,
  title={From a Shapiro--Keyser extratropical cyclone to the subtropical cyclone Raoni: An unusual winter synoptic situation over the South Atlantic Ocean},
  author={Reboita, Michelle Sim{\~o}es and Gozzo, Luiz Felippe and Crespo, Nat{\'a}lia Machado and Custodio, Maria de Souza and Lucyrio, Vin{\'\i}cius and de Jesus, Eduardo Marcos and da Rocha, Rosmeri Porf{\'\i}rio},
  journal={Quarterly Journal of the Royal Meteorological Society},
  volume={148},
  number={747},
  pages={2991--3009},
  year={2022},
  publisher={Wiley Online Library}
}

@article{vianna2010interactions,
  title={Interactions between Hurricane Catarina (2004) and warm core rings in the South Atlantic Ocean},
  author={Vianna, ML and Menezes, VV and Pezza, AB and Simmonds, I},
  journal={Journal of Geophysical Research: Oceans},
  volume={115},
  number={C7},
  year={2010},
  publisher={Wiley Online Library}
}

@article{pereira2010new,
  title={New perspectives on the synoptic and mesoscale structure of Hurricane Catarina},
  author={Pereira Filho, Augusto Jos{\'e} and Pezza, Alexandre Bernardes and Simmonds, Ian and Lima, Raquel Silva and Vianna, Marcio},
  journal={Atmospheric Research},
  volume={95},
  number={2-3},
  pages={157--171},
  year={2010},
  publisher={Elsevier}
}

@article{pezza2009climate,
  title={Climate perspective on the large-scale circulation associated with the transition of the first South Atlantic hurricane},
  author={Pezza, Alexandre Bernardes and Simmonds, Ian and Pereira Filho, Augusto Jose},
  journal={International Journal of Climatology: A Journal of the Royal Meteorological Society},
  volume={29},
  number={8},
  pages={1116--1130},
  year={2009},
  publisher={John Wiley \& Sons, Ltd. Chichester, UK}
}

@article{mctaggart2006analysis,
  title={Analysis of hurricane Catarina (2004)},
  author={McTaggart-Cowan, Ron and Bosart, Lance F and Davis, Christopher A and Atallah, Eyad H and Gyakum, John R and Emanuel, Kerry A},
  journal={Monthly Weather Review},
  volume={134},
  number={11},
  pages={3029--3053},
  year={2006},
  publisher={American Meteorological Society}
}

@article{gan1991surface,
  title={Surface cyclogenesis over south America},
  author={Gan, Manoel Alonso and Rao, Vadlamudi Brahmananda},
  journal={Monthly Weather Review},
  volume={119},
  number={5},
  pages={1293--1302},
  year={1991}
}

@article{gozzo2017climatology,
  title={Climatology and numerical case study of moisture sources associated with subtropical cyclogenesis over the southwestern Atlantic Ocean},
  author={Gozzo, LF and Da Rocha, RP and Gimeno, L and Drumond, A},
  journal={Journal of Geophysical Research: Atmospheres},
  volume={122},
  number={11},
  pages={5636--5653},
  year={2017},
  publisher={Wiley Online Library}
}

@article{gozzo2014subtropical,
  title={Subtropical cyclones over the southwestern South Atlantic: Climatological aspects and case study},
  author={Gozzo, Luiz Felippe and da Rocha, Rosmeri P and Reboita, Michelle S and Sugahara, Shigetoshi},
  journal={Journal of Climate},
  volume={27},
  number={22},
  pages={8543--8562},
  year={2014},
  publisher={American Meteorological Society}
}

@article{reboita2021iba,
  title={Iba: the first pure tropical cyclogenesis over the western South Atlantic Ocean},
  author={Reboita, MS and Crespo, NM and Dutra, LMM and Silva, BA and Capucin, BC and da Rocha, RP},
  journal={Journal of Geophysical Research: Atmospheres},
  volume={126},
  number={1},
  pages={e2020JD033431},
  year={2021},
  publisher={Wiley Online Library}
}

@article{reboita2024assessment,
  title={Assessment of a Tropical Transition over the Southwestern South Atlantic Ocean: The Case of Cyclone Akar{\'a}},
  author={Reboita, Michelle Sim{\~o}es and Nogueira, Natan Chrysostomo de Oliveira and Gomes, Isabelly Bianca dos Santos and Palma, Lucas Lemos da Cunha and da Rocha, Rosmeri Porf{\'\i}rio},
  journal={Journal of Marine Science and Engineering},
  volume={12},
  number={11},
  pages={1934},
  year={2024},
  publisher={MDPI}
}

@article{reboita2010south,
  title={South Atlantic Ocean cyclogenesis climatology simulated by regional climate model (RegCM3)},
  author={Reboita, Michelle Simoes and Da Rocha, Rosmeri Porf{\'\i}rio and Ambrizzi, T{\'e}rcio and Sugahara, Shigetoshi},
  journal={Climate Dynamics},
  volume={35},
  pages={1331--1347},
  year={2010},
  publisher={Springer}
}

@article{crespo2021potential,
  title={A potential vorticity perspective on cyclogenesis over centre-eastern South America},
  author={Crespo, Nat{\'a}lia Machado and da Rocha, Rosmeri Porf{\'\i}rio and Sprenger, Michael and Wernli, Heini},
  journal={International Journal of Climatology},
  volume={41},
  number={1},
  pages={663--678},
  year={2021},
  publisher={Wiley Online Library}
}


@article{sinclair1995climatology,
  title={A climatology of cyclogenesis for the Southern Hemisphere},
  author={Sinclair, Mark R},
  journal={Monthly Weather Review},
  volume={123},
  number={6},
  pages={1601--1619},
  year={1995}
}

@article {gramcianinov2020analysis,
author={Gramcianinov, CB and Campos, RM and De Camargo, R and Hodges, KI and Soares, C Guedes and da Silva Dias, PL},
title={Analysis of Atlantic extratropical storm tracks characteristics in 41 years of ERA5 and CFSR/CFSv2 databases},
journal={Ocean Engineering},
volume={216},
pages={108-111},
year={2020},
publisher={Elsevier}
}

@article{gramcianinov2020data,
author = {Gramcianinov, C. B. and Campos, R. M. and {de Camargo}, R. and Hodges, K. I. and {Guedes Soares}, C. and {da Silva Dias}, P. L.},
journal = {Mendeley Data},
title = {{Atlantic extratropical cyclone tracks in 41 years of ERA5 and CFSR/CFSv2 databases}},
year = {2020},
volume = {V4},
doi = {10.17632/kwcvfr52hp.4},
}

@article{gramcianinov2019properties,
title={The properties and genesis environments of South Atlantic cyclones},
author={Gramcianinov, CB and Hodges, KI and Camargo, Ricardo de},
journal={Climate Dynamics},
volume={53},
pages={4115-4140},
year={2019},
publisher={Springer}
}

@article{gramcianinov2023impact,
  title={Impact of extratropical cyclone intensity and speed on the extreme wave trends in the Atlantic Ocean},
  author={Gramcianinov, Carolina B and de Camargo, Ricardo and Campos, Ricardo M and Guedes Soares, C and da Silva Dias, Pedro L},
  journal={Climate dynamics},
  volume={60},
  number={5-6},
  pages={1447--1466},
  year={2023},
  publisher={Springer}
}

@article{couto2024new,
  title={New perspectives on South Atlantic storm track through an automatic method for detecting extratropical cyclones' lifecycle},
  author={de Souza, Danilo Couto and da Silva Dias, Pedro Leite and Gramcianinov, Carolina Barnez and da Silva, Matheus Bonjour Laviola and de Camargo, Ricardo},
  journal={International Journal of Climatology},
  volume={44},
  number={10},
  pages={3568--3588},
  year={2024},
  publisher={Wiley Online Library}
}

@article{reboita2018extratropical,
  title={Extratropical cyclones over the southwestern South Atlantic Ocean: HadGEM2-ES and RegCM4 projections},
  author={Reboita, Michelle S and da Rocha, Rosmeri P and de Souza, Marcelo R and Llopart, Marta},
  journal={International Journal of Climatology},
  volume={38},
  number={6},
  pages={2866--2879},
  year={2018},
  publisher={Wiley Online Library}
}

@article{dutra2017structure,
  title={Structure and evolution of subtropical cyclone Anita as evaluated by heat and vorticity budgets},
  author={Dutra, L{\'\i}via M{\'a}rcia Mosso and da Rocha, Rosmeri Porf{\'\i}rio and Lee, Robert William and Peres, Jean Rafael Rom{\~a}o and de Camargo, Ricardo},
  journal={Quarterly Journal of the Royal Meteorological Society},
  volume={143},
  number={704},
  pages={1539--1553},
  year={2017},
  publisher={Wiley Online Library}
}

@article{cardoso2022synoptic,
  title={Synoptic Climatology of Subtropical Cyclone Impacts on Near-Surface Winds Over the South Atlantic Basin},
  author={Cardoso, Andressa A and da Rocha, Rosmeri P and Crespo, Nat{\'a}lia M},
  journal={Earth and Space Science},
  volume={9},
  number={11},
  pages={e2022EA002482},
  year={2022},
  publisher={Wiley Online Library}
}

@article{marrafon2022classificaccao,
  title={Classifica{\c{c}}{\~a}o dos tipos de ciclones sobre o Oceano Atl{\^a}ntico Sul em proje{\c{c}}{\~o}es com o RegCM4 E MCGs},
  author={Marrafon, Vitor Hugo and Reboita, Michelle Sim{\~o}es and da Rocha, Rosmeri Porf{\'\i}rio and de Jesus, Eduardo Marcos},
  journal={Revista Brasileira de Climatologia},
  volume={30},
  pages={1--25},
  year={2022}
}

@article{de2022future,
  title={Future climate trends of subtropical cyclones in the South Atlantic basin in an ensemble of global and regional projections},
  author={de Jesus, Eduardo Marcos and da Rocha, Rosmeri Porf{\'\i}rio and Crespo, Nat{\'a}lia Machado and Reboita, Michelle Sim{\~o}es and Gozzo, Luiz Felippe},
  journal={Climate Dynamics},
  volume={58},
  number={3},
  pages={1221--1236},
  year={2022},
  publisher={Springer}
}

%%%%%%%%%%%% South America - Climate %%%%%%%%%%%%

@article{de2022hybrid,
  title={A hybrid regional climate downscaling for the southern Brazil coastal region},
  author={de Souza, Danilo Couto and Ramos da Silva, Renato and Gomes da Silva, Paula and Fetter Filho, Antonio Fernando H{\"a}rter and Mendez, Fernando Javier and Werth, David},
  journal={International Journal of Climatology},
  volume={42},
  number={13},
  pages={6753--6770},
  year={2022},
  publisher={John Wiley \& Sons, Ltd. Chichester, UK}
}


@article{da2024classification,
  title={Classification of Synoptic Weather Patterns associated with Extreme Wave Events in Different Regions of Western South Atlantic},
  author={Laviola da Silva, Matheus Bonjour and de Souza, Danilo Couto and Barreto, Fernando Tulio Camilo and Tecchio, Rodrigo and Pimentel, Renan Freitas and Gramcianinov, Carolina Barnez and de Camargo, Ricardo},
  year={2024},
  journal={Natural Hazards}
}

@article{tecchiomean,
  title={Mean sea level, tidal components and surges in Guanabara Bay (Rio de Janeiro) from 1990 to 2021},
  author={Tecchio, Rodrigo and de Souza, Danilo Couto and da Silva, Matheus Bonjour Laviola and de Oliveria Costa, Marcia Carolina and de Camargo, Ricardo and Harari, Joseph},
  journal={International Journal of Climatology},
  publisher={Wiley Online Library},
  year={2024}
}



@article{leal2023identification,
  title={Identification of coastal natural disasters using official databases to provide support for the coastal management: the case of Santa Catarina, Brazil},
  author={Leal, Karine Bastos and Robaina, Lu{\'\i}s Eduardo de Souza and K{\"o}rting, Thales Sehn and Nicolodi, Jo{\~a}o Luiz and da Costa, J{\'u}lia Dasso and Souza, Vit{\'o}ria Gon{\c{c}}alves},
  journal={Natural Hazards},
  pages={1--18},
  year={2023},
  publisher={Springer}
}

@article{campos2010characterization,
  title={Characterization of extreme sea level events in Santos and their correspondence with the NCEP model reanalysis in the southwest of the South Atlantic},
  author={Campos, Ricardo Martins and Camargo, Ricardo De and Harari, Joseph},
  journal={Revista Brasileira de Meteorologia},
  volume={25},
  pages={175--184},
  year={2010},
  publisher={SciELO Brasil}
}

@article{guimaraes2014analysis,
  title={Analysis of extreme wave events on the southern coast of Brazil},
  author={Guimar{\~a}es, PV and Farina, L and Toldo Jr, EE},
  journal={Natural Hazards and Earth System Sciences},
  volume={14},
  number={12},
  pages={3195--3205},
  year={2014},
  publisher={Copernicus GmbH}
}

@article{de2021ocean,
  title={Ocean-Land Atmosphere Model (OLAM) performance for major extreme meteorological events near the coastal region of southern Brazil},
  author={de Souza, DC and da Silva, R Ramos},
  journal={Climate Research},
  volume={84},
  pages={1--21},
  year={2021}
}

@article{de2024extreme,
  title={Extreme rainfall and landslides as a response to human-induced climate change: a case study at Baixada Santista, Brazil, 2020},
  author={de Souza, Danilo Couto and Crespo, Nat{\'a}lia Machado and da Silva, Douglas Vieira and Harada, Lila Mina and de Godoy, Renan Muinos Parrode and Domingues, Leonardo Moreno and Luiz, Rafael and Bortolozo, Cassiano Antonio and Metodiev, Daniel and de Andrade, Marcio Roberto Magalh{\~a}es and others},
  journal={Natural Hazards},
  pages={1--26},
  year={2024},
  publisher={Springer}
}


@article{reboita2010precipitation,
  title={Precipitation regimes in South America: a bibliography review.},
  author={Reboita, Michelle Sim{\~o}es and Gan, Manoel Alonso and Da Rocha, RP and Ambrizzi, T{\'e}rcio and others},
  journal={Revista Brasileira de Meteorologia},
  volume={25},
  number={2},
  pages={185--204},
  year={2010},
  publisher={Sociedade Brasileira de Meteorologia}
}
%%%%%%%%%%%%  Tracking methods  %%%%%%%%%%%%

@article{hoskins2002new,
  title={New perspectives on the Northern Hemisphere winter storm tracks},
  author={Hoskins, Brian J and Hodges, Kevin I},
  journal={Journal of the Atmospheric Sciences},
  volume={59},
  number={6},
  pages={1041--1061},
  year={2002},
  publisher={American Meteorological Society},
  doi={10.1175/1520-0469(2002)059<1041:NPOTNH>2.0.CO;2}
}


@article{sinclair1994objective,
  title={An objective cyclone climatology for the Southern Hemisphere},
  author={Sinclair, Mark R},
  journal={Monthly Weather Review},
  volume={122},
  number={10},
  pages={2239--2256},
  year={1994},
  doi={10.1175/1520-0493(1994)122<2239:AOCCFT>2.0.CO;2}
}

@article{hodges1994general,
  title={A general method for tracking analysis and its application to meteorological data},
  author={Hodges, Kevin I},
  journal={Monthly Weather Review},
  volume={122},
  number={11},
  pages={2573--2586},
  year={1994}
}

@article{hodges1995feature,
  title={Feature tracking on the unit sphere},
  author={Hodges, KI},
  journal={Monthly Weather Review},
  volume={123},
  number={12},
  pages={3458--3465},
  year={1995}
}

@article{da2019subtropical,
  title={Subtropical cyclones over the oceanic basins: a review},
  author={da Rocha, Rosmeri Porf{\'\i}rio and Reboita, Michelle Simoes and Gozzo, Luiz Felippe and Dutra, L{\'\i}via M{\'a}rcia Mosso and de Jesus, Eduardo Marcos},
  journal={Annals of the New York Academy of Sciences},
  volume={1436},
  number={1},
  pages={138--156},
  year={2019},
  publisher={Wiley Online Library}
}

@article{conrado2024cyclone,
  title={Cyclone Classification over the South Atlantic Ocean in Centenary Reanalysis},
  author={Conrado, Eduardo Traversi de Cai and da Rocha, Rosmeri Porf{\'\i}rio and Reboita, Michelle Sim{\~o}es and Cardoso, Andressa Andrade},
  journal={Atmosphere},
  volume={15},
  number={12},
  pages={1533},
  year={2024},
  publisher={Multidisciplinary Digital Publishing Institute}
}


%%%%%%%%%%%%  Methods  %%%%%%%%%%%%

@article{de2025atmosbud,
  author    = {Danilo Couto de Souza and Pedro Leite da Silva Dias and Ricardo Hallak},
  title     = {ATMOS-BUD: A Comprehensive Python Tool for Analyzing Heat, Vorticity, and Water Budgets on the Atmosphere},
  journal   = {Journal of Open Source Software},
  year      = {2025},
  note      = {Under review},
  url       = {https://doi.org/N/A}
}


@article{de2025cyclophaser,
  title={CycloPhaser: A Python Package for Detecting Extratropical Cyclone Life Cycles},
  author={de Souza, Danilo Couto and da Dias, Pedro Leite Silva and Gramcianinov, Carolina Barnez and de Camargo, Ricardo},
  journal={Journal of Open Source Software},
  volume={10},
  number={108},
  pages={7363},
  year={2025}
}


@article{wood2023phase,
  title={Phase transitions between tropical, subtropical, and extratropical cyclones: A review from IWTC-10},
  author={Wood, Kimberly and Yanase, Wataru and Beven, Jack and Camargo, Suzana J and Courtney, Joseph B and Fogarty, Chris and Fukuda, Junya and Kitabatake, Naoko and Kucas, Matthew and McTaggart-Cowan, Ron and others},
  journal={Tropical Cyclone Research and Review},
  year={2023},
  publisher={Elsevier}
}

@article{hart2003cyclone,
  title={A cyclone phase space derived from thermal wind and thermal asymmetry},
  author={Hart, Robert E},
  journal={Monthly weather review},
  volume={131},
  number={4},
  pages={585--616},
  year={2003},
  publisher={American Meteorological Society}
}

@article{may2022metpy,
  title={MetPy: A meteorological Python library for data analysis and visualization},
  author={May, Ryan M and Goebbert, Kevin H and Thielen, Jonathan E and Leeman, John R and Camron, M Drew and Bruick, Zachary and Bruning, Eric C and Manser, Russell P and Arms, Sean C and Marsh, Patrick T},
  journal={Bulletin of the American Meteorological Society},
  volume={103},
  number={10},
  pages={E2273--E2284},
  year={2022}
}

@article{schmit2017closer,
  title={A closer look at the ABI on the GOES-R series},
  author={Schmit, Timothy J and Griffith, Paul and Gunshor, Mathew M and Daniels, Jaime M and Goodman, Steven J and Lebair, William J},
  journal={Bulletin of the American Meteorological Society},
  volume={98},
  number={4},
  pages={681--698},
  year={2017},
  publisher={American Meteorological Society}
}

@article{fukuoka1951study,
  title={A Study of 10-day Forecast (A Synthetic Report)},
  author={Fukuoka, A.},
  journal={The Geophysical Magazine},
  volume={XXII},
  pages={177--218},
  year={1951},
  publisher={Tokyo}
}

@book{lorenz1956empirical,
  title={Empirical orthogonal functions and statistical weather prediction},
  author={Lorenz, Edward N},
  volume={1},
  year={1956},
  publisher={Massachusetts Institute of Technology, Department of Meteorology Cambridge}
}


@article{da2017shallow,
  title={The shallow water equation and the vorticity equation for a change in height of the topography},
  author={Da, ChaoJiu and Shen, BingLu and Yan, PengCheng and Ma, DeShan and Song, Jian},
  journal={Plos one},
  volume={12},
  number={6},
  pages={e0178184},
  year={2017},
  publisher={Public Library of Science San Francisco, CA USA}
}

@article{acevedo2010atmospheric,
  title={Atmospheric boundary layer adjustment to the synoptic cycle at the Brazil-Malvinas Confluence, South Atlantic Ocean},
  author={Acevedo, Ot{\'a}vio C and Pezzi, Luciano P and Souza, Ronald B and Anabor, Vagner and Degrazia, Gerv{\'a}sio A},
  journal={Journal of Geophysical Research: Atmospheres},
  volume={115},
  number={D22},
  year={2010},
  publisher={Wiley Online Library}
}

@article{steele2015modelling,
  title={Modelling sea-breeze climatologies and interactions on coasts in the southern North Sea: implications for offshore wind energy},
  author={Steele, CJ and Dorling, SR and von Glasow, Roland and Bacon, Jim},
  journal={Quarterly Journal of the Royal Meteorological Society},
  volume={141},
  number={690},
  pages={1821--1835},
  year={2015},
  publisher={Wiley Online Library}
}

@article{savitzky1964smoothing,
  title={Smoothing and differentiation of data by simplified least squares procedures.},
  author={Savitzky, Abraham and Golay, Marcel JE},
  journal={Analytical chemistry},
  volume={36},
  number={8},
  pages={1627--1639},
  year={1964},
  publisher={ACS Publications}
}


@article{duchon1979lanczos,
  title={Lanczos filtering in one and two dimensions},
  author={Duchon, Claude E},
  journal={Journal of Applied Meteorology and Climatology},
  volume={18},
  number={8},
  pages={1016--1022},
  year={1979}
}

@article{deSouza2024CycloPhaser,
  title = {CycloPhaser: A Python Package for Detecting Extratropical Cyclone Life Cycles},
  author = {Danilo Couto de Souza and Pedro Leite da Silva Dias and Carolina Barnez Gramcianinov and Ricardo de Camargo},
  journal = {Journal of Open Source Software},
  year = {2024},
  volume = {0},
  number = {0},
  doi = {10.xxxxxx/draft},
  url = {https://doi.org/10.xxxxxx/draft},
  note = {In press},
  link = {https://github.com/daniloceano/CycloPhaser/blob/joss-submission/paper/paper.pdf}
}


@article{hersbach2020era5,
  title={The ERA5 global reanalysis},
  author={Hersbach, Hans and Bell, Bill and Berrisford, Paul and Hirahara, Shoji and Hor{\'a}nyi, Andr{\'a}s and Mu{\~n}oz-Sabater, Joaqu{\'\i}n and Nicolas, Julien and Peubey, Carole and Radu, Raluca and Schepers, Dinand and others},
  journal={Quarterly Journal of the Royal Meteorological Society},
  volume={146},
  number={730},
  pages={1999--2049},
  year={2020},
  publisher={Wiley Online Library}
}

@article{de2024lorenzcycletoolkit,
  title={LorenzCycleToolkit: A Comprehensive Python Tool for Analyzing Atmospheric Energy Cycles},
  author={de Souza, Danilo Couto and da Dias, Pedro Leite Silva and da Silva, Matheus Bonjour Laviola and de Camargo, Ricardo},
  journal={Journal of Open Source Software},
  volume={9},
  number={101},
  pages={7139},
  year={2024}
}

@misc{zheng_2021,
  author       = {Zhonghua Zheng},
  title        = {zzheng93/pyEOF: First release (v0.0.0)},
  year         = 2021,
  publisher    = {Zenodo},
  doi          = {10.5281/zenodo.4556051},
  url          = {https://doi.org/10.5281/zenodo.4556051}
}


@article{rudeva2007climatology,
  title={Climatology of cyclone size characteristics and their changes during the cyclone life cycle},
  author={Rudeva, Irina and Gulev, Sergey K},
  journal={Monthly Weather Review},
  volume={135},
  number={7},
  pages={2568--2587},
  year={2007}
}

@article{trigo2006climatology,
  title={Climatology and interannual variability of storm-tracks in the Euro-Atlantic sector: a comparison between ERA-40 and NCEP/NCAR reanalyses},
  author={Trigo, Isabel Franco},
  journal={Climate Dynamics},
  volume={26},
  number={2},
  pages={127--143},
  year={2006},
  publisher={Springer}
}


%%%%%%%%%%%%  Cyclone clouds  %%%%%%%%%%%%

@article{govekar2011three,
  title={The three-dimensional distribution of clouds around Southern Hemisphere extratropical cyclones},
  author={Govekar, Pallavi D and Jakob, Christian and Reeder, Michael J and Haynes, John},
  journal={Geophysical Research Letters},
  volume={38},
  number={21},
  year={2011},
  publisher={Wiley Online Library},
  doi={10.1029/2011GL049091}
}

@article{keshtgar2024uncertainties,
  title={Uncertainties in cloud-radiative heating within an idealized extratropical cyclone},
  author={Keshtgar, Behrooz and Voigt, Aiko and Mayer, Bernhard and Hoose, Corinna},
  journal={Atmospheric Chemistry and Physics},
  volume={24},
  number={8},
  pages={4751--4769},
  year={2024},
  publisher={Copernicus Publications G{\"o}ttingen, Germany},
  doi={10.5194/acp-24-4751-2024}
}

@article{keshtgar2023cloud,
  title={Cloud-radiative impact on the dynamics and predictability of an idealized extratropical cyclone},
  author={Keshtgar, Behrooz and Voigt, Aiko and Hoose, Corinna and Riemer, Michael and Mayer, Bernhard},
  journal={Weather and Climate Dynamics},
  volume={4},
  number={1},
  pages={115--132},
  year={2023},
  publisher={Copernicus GmbH},
  doi={10.5194/wcd-4-115-2023}
}


@article{lau1997comparing,
  title={Comparing satellite and surface observations of cloud patterns in synoptic-scale circulation systems},
  author={Lau, Ngar-Cheung and Crane, Mark W},
  journal={Monthly weather review},
  volume={125},
  number={12},
  pages={3172--3189},
  year={1997},
  publisher={American Meteorological Society},
  doi={10.1175/1520-0493(1997)125<3172:CSASOO>2.0.CO;2}
}

@article{voigt2023tug,
  title={Tug-Of-War on Idealized Midlatitude Cyclones Between Radiative Heating From Low-Level and High-Level Clouds},
  author={Voigt, Aiko and Keshtgar, Behrooz and Butz, Klara},
  journal={Geophysical Research Letters},
  volume={50},
  number={14},
  pages={e2023GL103188},
  year={2023},
  publisher={Wiley Online Library},
  doi={10.1029/2023GL103188}
}

@article{govekar2014relationship,
  title={The relationship between clouds and dynamics in Southern Hemisphere extratropical cyclones in the real world and a climate model},
  author={Govekar, Pallavi D and Jakob, Christian and Catto, Jennifer},
  journal={Journal of Geophysical Research: Atmospheres},
  volume={119},
  number={11},
  pages={6609--6628},
  year={2014},
  publisher={Wiley Online Library},
  doi={10.1002/2013JD020699}
}

%%%%%%%%%%%% Vorticity Budget  %%%%%%%%%%%%

@article{maddox1982examination,
  title={An examination of jet stream configurations, 500 mb vorticity advection and low-level thermal advection patterns during extended periods of intense convection},
  author={Maddox, Robert A and Doswell III, Charles A},
  journal={Monthly Weather Review},
  volume={110},
  number={3},
  pages={184--197},
  year={1982}
}

@article{trenberth1978interpretation,
  title={On the interpretation of the diagnostic quasi-geostrophic omega equation},
  author={Trenberth, Kevin E},
  journal={Mon. Wea. Rev},
  volume={106},
  number={1},
  pages={131--137},
  year={1978}
}


@article{reed1974vorticity,
  title={The vorticity budget of synoptic-scale wave disturbances in the tropical western Pacific},
  author={Reed, Richard J and Johnson, Richard H},
  journal={Journal of the Atmospheric Sciences},
  volume={31},
  number={7},
  pages={1784--1790},
  year={1974}
}

@article{chu1981effects,
  title={Effects of Cumulus Convection on the vorticity Field in the Tropics Part I: The Large-Scale Budget},
  author={Chu, Jan-Hwa and Yanai, Michio and Sui, Chung-Hsiung},
  journal={Journal of the Meteorological Society of Japan. Ser. II},
  volume={59},
  number={4},
  pages={535--546},
  year={1981},
  publisher={Meteorological Society of Japan}
}

@article{sinclair1993synoptic,
  title={Synoptic-scale diagnosis of the extratropical transition of a southwest Pacific tropical cyclone},
  author={Sinclair, Mark R},
  journal={Monthly weather review},
  volume={121},
  number={4},
  pages={941--960},
  year={1993}
}

%%%%%%%%%%%% Air-Sea Interactions  %%%%%%%%%%%%

@article{pezzi2021oceanic,
  title={Oceanic eddy-induced modifications to air--sea heat and CO2 fluxes in the Brazil-Malvinas Confluence},
  author={Pezzi, Luciano P and de Souza, Ronald B and Santini, Marcelo F and Miller, Arthur J and Carvalho, Jonas T and Parise, Claudia K and Quadro, Mario F and Rosa, Eliana B and Justino, Flavio and Sutil, Ueslei A and others},
  journal={Scientific reports},
  volume={11},
  number={1},
  pages={10648},
  year={2021},
  publisher={Nature Publishing Group UK London}
}

@article{pezzi2009multiyear,
  title={Multiyear measurements of the oceanic and atmospheric boundary layers at the Brazil-Malvinas confluence region},
  author={Pezzi, Luciano Ponzi and de Souza, Ronald Buss and Acevedo, Ot{\'a}vio and Wainer, Ilana and Mata, Mauricio M and Garcia, Carlos AE and de Camargo, Ricardo},
  journal={Journal of Geophysical Research: Atmospheres},
  volume={114},
  number={D19},
  year={2009},
  publisher={Wiley Online Library}
}


%%%%%%%%%%%% Cyclone Dynamics  %%%%%%%%%%%%

@article{Stoelinga1996PV,
  author  = {Stoelinga, Mark T.},
  title   = {A Potential Vorticity-Based Study of the Role of Diabatic Heating and Friction in a Numerically Simulated Baroclinic Cyclone},
  journal = {Monthly Weather Review},
  year    = {1996},
  volume  = {124},
  number  = {5},
  pages   = {849--874},
  month   = may,
  publisher = {American Meteorological Society}
}

@article{cyclone1996potential,
  title={A Potential Vorticity-Based Study of the Role of Diabatic Heating and Friction in},
  author={Cyclone, Numerically Simulated Baroclinic},
  year={1996}
}

@article{davis1992piecewise,
  title={Piecewise potential vorticity inversion},
  author={Davis, Christopher A},
  journal={Journal of Atmospheric Sciences},
  volume={49},
  number={16},
  pages={1397--1411},
  year={1992}
}

@article{zhang2024impact,
  title={Impact of the upper-tropospheric cold low on the genesis of Typhoon Hagupit (2020)},
  author={Zhang, Xiping and Fang, Juan and Yu, Zifeng},
  journal={Journal of the Atmospheric Sciences},
  volume={81},
  number={2},
  pages={297--316},
  year={2024},
  publisher={American Meteorological Society}
}

@article{davis2004tt,
  title={The TT problem: Forecasting the tropical transition of cyclones},
  author={Davis, Christopher A and Bosart, Lance F},
  journal={Bulletin of the American Meteorological Society},
  volume={85},
  number={11},
  pages={1657--1662},
  year={2004},
  publisher={JSTOR}
}

@article{orlanski1991life,
  title={The life cycle of a cyclone wave in the Southern Hemisphere. Part I: Eddy energy budget},
  author={Orlanski, I and Katzfey, J},
  journal={Journal of Atmospheric Sciences},
  volume={48},
  number={17},
  pages={1972--1998},
  year={1991}
}

@article{gonzalez2015classification,
  title={Classification and synoptic analysis of subtropical cyclones within the northeastern Atlantic Ocean},
  author={Gonz{\'a}lez-Alem{\'a}n, Juan J and Valero, Francisco and Mart{\'\i}n-Le{\'o}n, Francisco and Evans, Jenni L},
  journal={Journal of Climate},
  volume={28},
  number={8},
  pages={3331--3352},
  year={2015}
}

@article{hulme2009synoptic,
  title={Synoptic-and frontal-scale influences on tropical transition events in the Atlantic basin. Part I: A six-case survey},
  author={Hulme, Andrew L and Martin, Jonathan E},
  journal={Monthly weather review},
  volume={137},
  number={11},
  pages={3605--3625},
  year={2009}
}

@article{hulme2009synoptic2,
  title={Synoptic-and frontal-scale influences on tropical transition events in the Atlantic basin. Part II: Tropical transition of Hurricane Karen},
  author={Hulme, Andrew L and Martin, Jonathan E},
  journal={Monthly weather review},
  volume={137},
  number={11},
  pages={3626--3650},
  year={2009}
}